@inproceedings{DBLP:conf/aplas/ArceriMZ22,
  author    = {Vincenzo Arceri and
               Isabella Mastroeni and
               Enea Zaffanella},
  editor    = {Ilya Sergey},
  title     = {Decoupling the Ascending and Descending Phases in Abstract Interpretation},
  booktitle = {Programming Languages and Systems - 20th Asian Symposium, {APLAS}
               2022, Auckland, New Zealand, December 5, 2022, Proceedings},
  series    = {Lecture Notes in Computer Science},
  volume    = {13658},
  pages     = {25--44},
  publisher = {Springer},
  year      = {2022},
  url       = {https://doi.org/10.1007/978-3-031-21037-2\_2},
  doi       = {10.1007/978-3-031-21037-2\_2},
  timestamp = {Mon, 05 Dec 2022 13:35:38 +0100},
  biburl    = {https://dblp.org/rec/conf/aplas/ArceriMZ22.bib},
  bibsource = {dblp computer science bibliography, https://dblp.org}
}

@article{DBLP:journals/sttt/BagnaraHZ07,
  author    = {Roberto Bagnara and
               Patricia M. Hill and
               Enea Zaffanella},
  title     = {Widening operators for powerset domains},
  journal   = {Int. J. Softw. Tools Technol. Transf.},
  volume    = {9},
  number    = {3-4},
  pages     = {413--414},
  year      = {2007},
  url       = {https://doi.org/10.1007/s10009-007-0029-y},
  doi       = {10.1007/s10009-007-0029-y},
  timestamp = {Mon, 26 Oct 2020 08:51:40 +0100},
  biburl    = {https://dblp.org/rec/journals/sttt/BagnaraHZ07.bib},
  bibsource = {dblp computer science bibliography, https://dblp.org}
}

@inproceedings{DBLP:conf/popl/CousotC79,
  author    = {Patrick Cousot and
               Radhia Cousot},
  editor    = {Alfred V. Aho and
               Stephen N. Zilles and
               Barry K. Rosen},
  title     = {Systematic Design of Program Analysis Frameworks},
  booktitle = {Conference Record of the Sixth Annual {ACM} Symposium on Principles
               of Programming Languages, San Antonio, Texas, USA, January 1979},
  pages     = {269--282},
  publisher = {{ACM} Press},
  year      = {1979},
  url       = {https://doi.org/10.1145/567752.567778},
  doi       = {10.1145/567752.567778},
  timestamp = {Tue, 06 Nov 2018 11:07:43 +0100},
  biburl    = {https://dblp.org/rec/conf/popl/CousotC79.bib},
  bibsource = {dblp computer science bibliography, https://dblp.org}
}

@inproceedings{DBLP:conf/popl/CousotC77,
  author    = {Patrick Cousot and
               Radhia Cousot},
  editor    = {Robert M. Graham and
               Michael A. Harrison and
               Ravi Sethi},
  title     = {Abstract Interpretation: {A} Unified Lattice Model for Static Analysis
               of Programs by Construction or Approximation of Fixpoints},
  booktitle = {Conference Record of the Fourth {ACM} Symposium on Principles of Programming
               Languages, Los Angeles, California, USA, January 1977},
  pages     = {238--252},
  publisher = {{ACM}},
  year      = {1977},
  url       = {https://doi.org/10.1145/512950.512973},
  doi       = {10.1145/512950.512973},
  timestamp = {Tue, 06 Nov 2018 11:07:42 +0100},
  biburl    = {https://dblp.org/rec/conf/popl/CousotC77.bib},
  bibsource = {dblp computer science bibliography, https://dblp.org}
}